<record><leader>00000cas a22000007a 4500</leader><controlfield tag="001">41882960</controlfield><controlfield tag="008">990715d19651974tnuwr ne      0    0eng d</controlfield><datafield ind1=" " ind2=" " tag="010"><subfield code="a">sn 99065856 </subfield></datafield><datafield ind1=" " ind2=" " tag="040"><subfield code="a">TGN</subfield><subfield code="b">eng</subfield><subfield code="c">TGN</subfield><subfield code="d">OCLCF</subfield><subfield code="d">OCLCO</subfield></datafield><datafield ind1=" " ind2=" " tag="042"><subfield code="a">msc</subfield></datafield><datafield ind1="0" ind2="0" tag="245"><subfield code="a">Kingsport post.</subfield></datafield><datafield ind1=" " ind2=" " tag="260"><subfield code="a">Kingsport, Tenn. :</subfield><subfield code="b">Pete Dykes,</subfield><subfield code="c">1965-1974.</subfield></datafield><datafield ind1=" " ind2=" " tag="300"><subfield code="a">v.</subfield></datafield><datafield ind1=" " ind2=" " tag="310"><subfield code="a">Weekly,</subfield><subfield code="b">Aug. 4, 1965-Sept. 5, 1974</subfield></datafield><datafield ind1=" " ind2=" " tag="321"><subfield code="a">Semiweekly,</subfield><subfield code="b">Mar. 5, 1965-July 31, 1966</subfield></datafield><datafield ind1="0" ind2=" " tag="362"><subfield code="a">Vol. 3, no. 15 (Mar. 5, 1965)-v. 12, no. 36 (Sept. 5, 1974).</subfield></datafield><datafield ind1=" " ind2=" " tag="580"><subfield code="a">Sunday ed.: Post weekender, &lt;1966-1967&gt;</subfield></datafield><datafield ind1=" " ind2="0" tag="651"><subfield code="a">Kingsport (Tenn.)</subfield><subfield code="v">Newspapers.</subfield></datafield><datafield ind1=" " ind2="0" tag="651"><subfield code="a">Sullivan County (Tenn.)</subfield><subfield code="v">Newspapers.</subfield></datafield><datafield ind1=" " ind2="7" tag="655"><subfield code="a">Newspapers.</subfield><subfield code="2">fast</subfield><subfield code="0">(OCoLC)fst01423814</subfield></datafield><datafield ind1=" " ind2="7" tag="651"><subfield code="a">Tennessee</subfield><subfield code="z">Kingsport.</subfield><subfield code="2">fast</subfield><subfield code="0">(OCoLC)fst01215433</subfield></datafield><datafield ind1=" " ind2="7" tag="651"><subfield code="a">Tennessee</subfield><subfield code="z">Sullivan County.</subfield><subfield code="2">fast</subfield><subfield code="0">(OCoLC)fst01207171</subfield></datafield><datafield ind1=" " ind2=" " tag="752"><subfield code="a">United States</subfield><subfield code="b">Tennessee</subfield><subfield code="c">Sullivan</subfield><subfield code="d">Kingsport.</subfield></datafield><datafield ind1="1" ind2=" " tag="775"><subfield code="t">Post weekender</subfield><subfield code="w">(DLC)sn 99065864</subfield></datafield><datafield ind1="0" ind2=" " tag="775"><subfield code="t">Daily news (Kingsport, Tenn. : 1971)</subfield><subfield code="g">1971-1972</subfield><subfield code="w">(DLC)sn 99065860</subfield></datafield><datafield ind1="0" ind2=" " tag="775"><subfield code="t">Daily post news</subfield><subfield code="g">1972-1974</subfield><subfield code="w">(DLC)sn 99065861</subfield></datafield><datafield ind1="0" ind2="0" tag="780"><subfield code="t">Post (Kingsport, Tenn.)</subfield><subfield code="w">(DLC)sn 99065855</subfield></datafield><datafield ind1="0" ind2="5" tag="780"><subfield code="t">Hawkins County post</subfield><subfield code="g">Mar. 2, 1972</subfield><subfield code="w">(DLC)sn 99065863</subfield></datafield><datafield ind1="0" ind2="0" tag="785"><subfield code="t">Kingsport post-news weekly</subfield><subfield code="w">(DLC)sn 99065857</subfield></datafield></record>